<record><leader>00000cas a22000007a 4500</leader><controlfield tag="001">2252773</controlfield><controlfield tag="008">760620d19121916nduwr ne      0    0eng d</controlfield><datafield ind1=" " ind2=" " tag="010"><subfield code="a">sn 88076213 </subfield></datafield><datafield ind1=" " ind2=" " tag="040"><subfield code="a">MUL</subfield><subfield code="b">eng</subfield><subfield code="c">MUL</subfield><subfield code="d">NOP</subfield><subfield code="d">OCLCQ</subfield></datafield><datafield ind1="0" ind2=" " tag="041"><subfield code="a">eng</subfield><subfield code="a">ger</subfield></datafield><datafield ind1=" " ind2=" " tag="042"><subfield code="a">msc</subfield></datafield><datafield ind1="0" ind2=" " tag="130"><subfield code="a">German American (Krem, N.D.)</subfield></datafield><datafield ind1="1" ind2="4" tag="245"><subfield code="a">The German American.</subfield></datafield><datafield ind1=" " ind2=" " tag="260"><subfield code="a">Krem, Mercer Co., N.D. :</subfield><subfield code="b">Krem Pub. Co.</subfield></datafield><datafield ind1=" " ind2=" " tag="300"><subfield code="a">volumes :</subfield><subfield code="b">illustrations ;</subfield><subfield code="c">54 cm</subfield></datafield><datafield ind1=" " ind2=" " tag="310"><subfield code="a">Weekly</subfield></datafield><datafield ind1=" " ind2=" " tag="336"><subfield code="a">text</subfield><subfield code="b">txt</subfield><subfield code="2">rdacontent</subfield></datafield><datafield ind1=" " ind2=" " tag="337"><subfield code="a">unmediated</subfield><subfield code="b">n</subfield><subfield code="2">rdamedia</subfield></datafield><datafield ind1=" " ind2=" " tag="338"><subfield code="a">volume</subfield><subfield code="b">nc</subfield><subfield code="2">rdacarrier</subfield></datafield><datafield ind1="1" ind2=" " tag="362"><subfield code="a">Began in 1921; ceased in 1916?</subfield></datafield><datafield ind1=" " ind2=" " tag="500"><subfield code="a">Place of publication varies: Krem, N.D., May 3-Aug. 9, 1912; Kasmer, N.D., Aug. 2, 1912-June 20, 1913; Golden Valley, N.D., Mar. 14, 1913-Dec. 29, 1916.</subfield></datafield><datafield ind1=" " ind2=" " tag="530"><subfield code="a">Available on microfilm from the State Historical Society of North Dakota.</subfield></datafield><datafield ind1=" " ind2=" " tag="546"><subfield code="a">In English with occasional columns in German.</subfield></datafield><datafield ind1=" " ind2=" " tag="588"><subfield code="a">Description based on: Vol. 1, no. 3 (May 3, 1912).</subfield></datafield><datafield ind1=" " ind2=" " tag="752"><subfield code="a">United States</subfield><subfield code="b">North Dakota</subfield><subfield code="c">Mercer</subfield><subfield code="d">Golden Valley.</subfield></datafield><datafield ind1=" " ind2=" " tag="752"><subfield code="a">United States</subfield><subfield code="b">North Dakota</subfield><subfield code="c">Mercer</subfield><subfield code="d">Kasmer.</subfield></datafield><datafield ind1=" " ind2=" " tag="752"><subfield code="a">United States</subfield><subfield code="b">North Dakota</subfield><subfield code="c">Mercer</subfield><subfield code="d">Krem.</subfield></datafield><datafield ind1="0" ind2="0" tag="785"><subfield code="t">Golden Valley American</subfield><subfield code="w">(DLC)sn 88076214</subfield></datafield><datafield ind1="1" ind2=" " tag="029"><subfield code="a">AU@</subfield><subfield code="b">000025836584</subfield></datafield></record>